@book{sipser,
    author = {Michael Sipser},
    title = {Introduction to the Theory of Computation},
    year = {2013},
}

@article{collins,
    author = {Michael Collins},
    title = {Probabilistic Context-Free Grammars},
    howpublished = \url{http://www.cs.columbia.edu/~mcollins/courses/nlp2011/notes/pcfgs.pdf}
}
















